<?xml version="1.0" encoding="UTF-8"?>
<collection xmlns:xsi="http://www.w3.org/2001/XMLSchema-instance" xsi:schemaLocation="http://www.loc.gov/MARC21/slim http://www.loc.gov/standards/marcxml/schema/MARC21slim.xsd" xmlns="http://www.loc.gov/MARC21/slim">
<record>
  <leader>00995cam a2200265I  4500</leader>
  <controlfield tag="001">5367700</controlfield>
  <controlfield tag="003">NNC</controlfield>
  <controlfield tag="005">20050927210158.0</controlfield>
  <controlfield tag="008">900919s1968    iq       b    000 0 arar </controlfield>
  <datafield tag="010" ind1=" " ind2=" ">
    <subfield code="a">ne 68003568 </subfield>
  </datafield>
  <datafield tag="035" ind1=" " ind2=" ">
    <subfield code="a">(OCoLC)ocm22408602</subfield>
  </datafield>
  <datafield tag="035" ind1=" " ind2=" ">
    <subfield code="a">(NNC)5367700</subfield>
  </datafield>
  <datafield tag="040" ind1=" " ind2=" ">
    <subfield code="a">DLC</subfield>
    <subfield code="c">WAU</subfield>
    <subfield code="d">ZCU</subfield>
  </datafield>
  <datafield tag="043" ind1=" " ind2=" ">
    <subfield code="a">a-iq---</subfield>
  </datafield>
  <datafield tag="050" ind1="0" ind2=" ">
    <subfield code="a">PJ8040</subfield>
    <subfield code="b">.B3</subfield>
  </datafield>
  <datafield tag="099" ind1=" " ind2=" ">
    <subfield code="a">956</subfield>
    <subfield code="a">Ir27 v.23</subfield>
  </datafield>
  <datafield tag="100" ind1="1" ind2=" ">
    <subfield code="a">Baṣrī, ʻAbd al-Jabbār Dāwūd.</subfield>
  </datafield>
  <datafield tag="245" ind1="1" ind2="0">
    <subfield code="a">Maqāl fī al-shiʻr al-ʻIrāqī al-ḥadīth,</subfield>
    <subfield code="c">taʾlīf ʻAbd al-Jabbār Dāwūd al-Baṣrī.</subfield>
  </datafield>
  <datafield tag="260" ind1=" " ind2=" ">
    <subfield code="a">Baghdād,</subfield>
    <subfield code="b">Dār al-Jumhūrīyah,</subfield>
    <subfield code="c">1968.</subfield>
  </datafield>
  <datafield tag="300" ind1=" " ind2=" ">
    <subfield code="a">144 p.</subfield>
    <subfield code="c">23 cm.</subfield>
  </datafield>
  <datafield tag="490" ind1="1" ind2=" ">
    <subfield code="a">Wizārat al-Thaqāfīyah wa-al-Irshād. Mudīrīyat al-Thaqāfah al-ʻĀmmah. Silsilat al-kutub al-ḥadīthah,</subfield>
    <subfield code="v">23</subfield>
  </datafield>
  <datafield tag="504" ind1=" " ind2=" ">
    <subfield code="a">Includes bibliographies.</subfield>
  </datafield>
  <datafield tag="650" ind1=" " ind2="0">
    <subfield code="a">Arabic poetry</subfield>
    <subfield code="z">Iraq</subfield>
    <subfield code="x">History and criticism.</subfield>
  </datafield>
  <datafield tag="810" ind1="1" ind2=" ">
    <subfield code="a">Iraq.</subfield>
    <subfield code="b">Wizārat al-Thaqāfah wa-al-Irshād.</subfield>
    <subfield code="t">Silsilat al-kutub al-ḥadīthah ;</subfield>
    <subfield code="v">23.</subfield>
  </datafield>
  <datafield tag="955" ind1=" " ind2=" ">
    <subfield code="b">0026812444</subfield>
    <subfield code="d">glx</subfield>
    <subfield code="e">956 Ir27 v.23</subfield>
  </datafield>
</record>
</collection>